<record><leader>00000cas a2200000 a 4500</leader><controlfield tag="001">13733083</controlfield><controlfield tag="008">860616d18931900okuwr ne      0    0eng d</controlfield><datafield ind1=" " ind2=" " tag="010"><subfield code="a">sn 86063933 </subfield></datafield><datafield ind1=" " ind2=" " tag="040"><subfield code="a">KSH</subfield><subfield code="b">eng</subfield><subfield code="c">KSH</subfield><subfield code="d">NPT</subfield><subfield code="d">OBN</subfield><subfield code="d">OCL</subfield><subfield code="d">OCLCQ</subfield><subfield code="d">OCLCF</subfield><subfield code="d">OCLCO</subfield></datafield><datafield ind1="1" ind2=" " tag="029"><subfield code="a">AU@</subfield><subfield code="b">000004809233</subfield></datafield><datafield ind1=" " ind2=" " tag="042"><subfield code="a">msc</subfield></datafield><datafield ind1=" " ind2=" " tag="043"><subfield code="a">n-us-ok</subfield></datafield><datafield ind1="0" ind2="4" tag="245"><subfield code="a">The Edmond sun-democrat.</subfield></datafield><datafield ind1=" " ind2=" " tag="260"><subfield code="a">Edmond, Okla. :</subfield><subfield code="b">Kerwin &amp; Thomas</subfield></datafield><datafield ind1=" " ind2=" " tag="300"><subfield code="a">v.</subfield></datafield><datafield ind1=" " ind2=" " tag="310"><subfield code="a">Weekly</subfield></datafield><datafield ind1="0" ind2=" " tag="362"><subfield code="a">Vol. 5, no. 13 (Oct. 27, 1893)-v. 11, no. 44 (May 2, 1900).</subfield></datafield><datafield ind1=" " ind2="0" tag="651"><subfield code="a">Edmond (Okla.)</subfield><subfield code="v">Newspapers.</subfield></datafield><datafield ind1=" " ind2="0" tag="651"><subfield code="a">Oklahoma County (Okla.)</subfield><subfield code="v">Newspapers.</subfield></datafield><datafield ind1=" " ind2="7" tag="655"><subfield code="a">Newspapers.</subfield><subfield code="2">fast</subfield><subfield code="0">(OCoLC)fst01423814</subfield></datafield><datafield ind1=" " ind2="7" tag="651"><subfield code="a">Oklahoma</subfield><subfield code="z">Edmond.</subfield><subfield code="2">fast</subfield><subfield code="0">(OCoLC)fst01213717</subfield></datafield><datafield ind1=" " ind2="7" tag="651"><subfield code="a">Oklahoma</subfield><subfield code="z">Oklahoma County.</subfield><subfield code="2">fast</subfield><subfield code="0">(OCoLC)fst01210430</subfield></datafield><datafield ind1=" " ind2=" " tag="752"><subfield code="a">United States</subfield><subfield code="b">Oklahoma</subfield><subfield code="c">Oklahoma</subfield><subfield code="d">Edmond.</subfield></datafield><datafield ind1="0" ind2="4" tag="780"><subfield code="t">Edmond Oklahoma sun</subfield><subfield code="w">(DLC)sn 86063932</subfield><subfield code="w">(OCoLC)13733067</subfield></datafield><datafield ind1="0" ind2="4" tag="780"><subfield code="t">Edmond democrat</subfield><subfield code="w">(DLC)sn 93065941</subfield><subfield code="w">(OCoLC)27729988</subfield></datafield><datafield ind1="0" ind2="0" tag="785"><subfield code="t">Edmond sun (Edmond, Okla. : 1900)</subfield><subfield code="w">(DLC)sn 93065937</subfield><subfield code="w">(OCoLC)27967797</subfield></datafield></record>